@article{goldberg1989genetic,
    title={Genetic Algorithm in Search, Optimization and Machine Learning, Addison},
    author={Goldberg, David E},
    journal={W esley Publishing Company, R eading, MA},
    volume={1},
    number={98},
    pages={9},
    year={1989}
}
@ARTICLE{NSGA,
    author={Srinivas, N. and Deb, Kalyanmoy},
    journal={Evolutionary Computation},
    title={Muiltiobjective Optimization Using Nondominated Sorting in Genetic Algorithms},
    year={1994},
    volume={2},
    number={3},
    pages={221-248},
    keywords={Multiobjective optimization;nondominated sorting;ranking selection;phenotypic sharing},
    doi={10.1162/evco.1994.2.3.221}}
@InProceedings{NSGA2prototype,
    author="Deb, Kalyanmoy
    and Agrawal, Samir
    and Pratap, Amrit
    and Meyarivan, T.",
    editor="Schoenauer, Marc
    and Deb, Kalyanmoy
    and Rudolph, G{\"u}nther
    and Yao, Xin
    and Lutton, Evelyne
    and Merelo, Juan Julian
    and Schwefel, Hans-Paul",
    title="A Fast Elitist Non-dominated Sorting Genetic Algorithm for Multi-objective Optimization: NSGA-II",
    booktitle="Parallel Problem Solving from Nature PPSN VI",
    year="2000",
    publisher="Springer Berlin Heidelberg",
    address="Berlin, Heidelberg",
    pages="849--858",
    abstract="Multi-objective evolutionary algorithms which use non-dominated sorting and sharing have been mainly criticized for their (i) O(MN3) computational complexity (where M is the number of objectives and N is the population size), (ii) non-elitism approach, and (iii) the need for specifying a sharing parameter. In this paper, we suggest a non-dominated sorting based multi-objective evolutionary algorithm (we called it the Non-dominated Sorting GA-II or NSGA-II) which alleviates all the above three difficulties. Specifically, a fast non-dominated sorting approach with O(MN2) computational complexity is presented. Second, a selection operator is presented which creates a mating pool by combining the parent and child populations and selecting the best (with respect to fitness and spread) N solutions. Simulation results on five difficult test problems show that the proposed NSGA-II, in most problems, is able to find much better spread of solutions and better convergence near the true Pareto-optimal front compared to PAES and SPEA---two other elitist multi-objective EAs which pay special attention towards creating a diverse Pareto-optimal front. Because of NSGA-II's low computational requirements, elitist approach, and parameter-less sharing approach, NSGA-II should find increasing applications in the years to come.",
    isbn="978-3-540-45356-7"
}
@ARTICLE{NSGA2,
    author={Deb, K. and Pratap, A. and Agarwal, S. and Meyarivan, T.},
    journal={IEEE Transactions on Evolutionary Computation},
    title={A fast and elitist multiobjective genetic algorithm: NSGA-II},
    year={2002},
    volume={6},
    number={2},
    pages={182-197},
    keywords={Genetic algorithms;Sorting;Computational complexity;Evolutionary computation;Computational modeling;Testing;Decision making;Associate members;Diversity reception;Constraint optimization},
    doi={10.1109/4235.996017}}
@ARTICLE{NSGA3,
    author={Deb, Kalyanmoy and Jain, Himanshu},
    journal={IEEE Transactions on Evolutionary Computation},
    title={An Evolutionary Many-Objective Optimization Algorithm Using Reference-Point-Based Nondominated Sorting Approach, Part I: Solving Problems With Box Constraints},
    year={2014},
    volume={18},
    number={4},
    pages={577-601},
    keywords={Sociology;Statistics;Optimization;Vectors;Measurement;Zirconium;Educational institutions;Many-objective optimization;evolutionary computation;large dimension;NSGA-III;non-dominated sorting;multi-criterion optimization;Evolutionary computation;large dimension;many-objective optimization;multicriterion optimization;nondominated sorting;NSGA-III},
    doi={10.1109/TEVC.2013.2281535}}
@book{郑金华2017多目标进化优化,
    title={多目标进化优化},
    author={郑金华 and 邹娟},
    year={2017},
    publisher={科学出版社}
}
@ARTICLE{Verma2021,
    author={Verma, Shanu and Pant, Millie and Snasel, Vaclav},
    journal={IEEE Access},
    title={A Comprehensive Review on NSGA-II for Multi-Objective Combinatorial Optimization Problems},
    year={2021},
    volume={9},
    number={},
    pages={57757-57791},
    keywords={Optimization;Statistics;Sociology;Sorting;Resource management;Linear programming;Genetic algorithms;NSGA-II;combinatorial optimization;multi-objective optimization;genetic algorithms},
    doi={10.1109/ACCESS.2021.3070634}}
@article{ DYJE202410008,
    author = { 吴玥 and  龚红英 and  尤晋 and  兰毅 },
    title = {基于响应面法和NSGA-II的车用行星齿轮成形工艺},
    journal = {锻压技术},
    volume = {49},
    number = {10},
    pages = {65-74},
    year = {2024},
    issn = {1000-3940},
    doi = {10.13330/j.issn.1000-3940.2024.10.009}
}
@article{FUHE202410040,
    author = {  韩宇泽 and     刘雁鹏 and     任中杰 and 任明法},
    title = {基于NSGA-II算法的缠绕过程多目标工艺参数优化},
    journal = {复合材料学报},
    volume = {41},
    number = {10},
    pages = {5622-5633},
    year = {2024},
    issn = {1000-3851},
    doi = {10.13801/j.cnki.fhclxb.20231218.005}
}
@article{DGJS202223015,
    author = {  丁璨 and     李江 and     袁召 and     陈立学 and 刘黎明},
    title = {基于NSGA-II和BP神经网络的杯状纵磁触头结构优化设计},
    journal = {电工技术学报},
    volume = {37},
    number = {23},
    pages = {6074-6082},
    year = {2022},
    issn = {1000-6753},
    doi = {10.19595/j.cnki.1000-6753.tces.220369}
}
@article{ XDKD202105027,
    author = { 杜文占 and  余志勇 and  杨剑 and  姜海滨 },
    title = {改进NSGA-II算法及监测天线部署优化研究},
    journal = {西安电子科技大学学报},
    volume = {48},
    number = {05},
    pages = {239-248},
    year = {2021},
    issn = {1001-2400},
    doi = {10.19665/j.issn1001-2400.2021.05.027}
}
@article{DZYX202405006,
    author = {  李炎 and     胡岳鸣 and 曾晓洋},
    title = {面向商业航天卫星成本效益的三模冗余软错误防护技术：近似计算的实践},
    journal = {电子与信息学报},
    volume = {46},
    number = {05},
    pages = {1604-1612},
    year = {2024},
    issn = {1009-5896},
}
@article{ HXDY202404012,
    author = { 王康宁 and  陈宸 and  杜加友 and  王瑞金 and  朱泽飞 },
    title = {基于NSGA-II算法的微通道结构参数优化},
    journal = {杭州电子科技大学学报(自然科学版)},
    volume = {44},
    number = {04},
    pages = {94-102},
    year = {2024},
    issn = {1001-9146},
    doi = {10.13954/j.cnki.hdu.2024.04.012}
}
@article{STBC202402007,
    author = {  赵丞豪 and     张学霞 and     姜东旸 and     郭长庆 and     王景萍 and 王翔宇},
    title = {基于NSGA-II算法的若尔盖高原高寒湿地生态修复格局优化},
    journal = {中国水土保持科学(中英文)},
    volume = {22},
    number = {02},
    pages = {55-64},
    year = {2024},
    issn = {2096-2673},
    doi = {10.16843/j.sswc.2022021}
}
@article{CHKD202208018,
    author = {  韩珊 and     王潜心 and     曹芳洁 and 吴志远},
    title = {多目标土地利用优化模型与应用},
    journal = {测绘科学},
    volume = {47},
    number = {08},
    pages = {157-165},
    year = {2022},
    issn = {1009-2307},
    doi = {10.16251/j.cnki.1009-2307.2022.08.018}
}
@article{ ZZDZ20241024001,
    author = { 俞宁 and  冯鑫 and  汤爱华 and  舒梓荣 },
    title = {基于改进NSGA-II算法的电动汽车充电站选址方法},
    journal = {郑州大学学报(理学版)},
    pages = {1-6},
    issn = {1671-6841},
    year = {2024},
    doi = {10.13705/j.issn.1671-6841.2024133}
}
@article{SDNY202307032,
    author = {  苏彦博 and     吕谋 and 褚洋洋},
    title = {基于NSGA-Ⅱ的供水管网漏损定位多目标优化模型},
    journal = {水电能源科学},
    volume = {41},
    number = {07},
    pages = {132-136},
    year = {2023},
    issn = {1000-7709},
    doi = {10.20040/j.cnki.1000-7709.2023.20221893}
}
@article{SDNY202212043,
    author = {  谭昭 and     陈红勋 and     马峥 and 刘海川},
    title = {基于多目标遗传算法(NSGA-Ⅱ)的供水泵站运行优化研究},
    journal = {水电能源科学},
    volume = {40},
    number = {12},
    pages = {181-185},
    year = {2022},
    issn = {1000-7709},
    doi = {10.20040/j.cnki.1000-7709.2022.20220421}
}
@article{KXJS202214018,
    author = {  王艳 and     张嘉琳 and 赵洪山},
    title = {基于Tent映射NSGA-Ⅱ算法的微电网多目标优化方法},
    journal = {科学技术与工程},
    volume = {22},
    number = {14},
    pages = {5643-5652},
    year = {2022},
    issn = {1671-1815},
}
@article{JZDF202301007,
    author = {  张会林 and     欧阳婷 and 杨海马},
    title = {基于自适应混沌改进NSGA-Ⅱ的微网需求响应配置},
    journal = {控制工程},
    volume = {30},
    number = {01},
    pages = {47-53},
    year = {2023},
    issn = {1671-7848},
    doi = {10.14107/j.cnki.kzgc.20210055}
}

